@misc{Project,
    author    = "John Sheppard",
    title     = "CSCI 447 â€” Machine Learning: Soft Computing Project \#1",

}

@misc{Precision,
    author    = "John Sheppard",
    title     = "PrecisionRecall",

}
