@misc{Project,
    author    = "John Sheppard",
    title     = "CSCI 447 â€” Machine Learning: Soft Computing Project \#1",

}

@misc{Hyalite, 
    Author = "Computational efforts were performed on the Hyalite High Performance Computing System, 
operated and supported by  University Information Technology Research Cyberinfrastructure at Montana State University."

}

@misc{Precision,
    author    = "John Sheppard",
    title     = "PrecisionRecall",

}

@misc{Cancer,
    author    = "Dr. William H. Wolberg",
    title     = "Breast Cancer",
    url       = "https://archive.ics.uci.edu/ml/datasets/Breast+Cancer+Wisconsin+\%28Original\%29",
}

@misc{Glass,
    title     = "Glass",
    url       = "https://archive.ics.uci.edu/ml/datasets/Glass+Identification",
}

@misc{Iris,
    title     = "Iris",
    url       = "https://archive.ics.uci.edu/ml/datasets/Iris",
}

@misc{Soybean,
    title     = "Soybean(small)",
    url       = "https://archive.ics.uci.edu/ml/datasets/Soybean+\%28Small\%29",
}

@misc{Vote,
    title     = "Vote",
    url       = "https://archive.ics.uci.edu/ml/datasets/Congressional+Voting+Records",
}
